%% LaTeX2e file `biblio.bib'
%% generated by the `filecontents' environment
%% from source `main' on 2019/03/14.
%%
@article{lavalle2001randomized,
  title={Randomized kinodynamic planning},
  author={LaValle, Steven M and Kuffner Jr, James J},
  journal={The international journal of robotics research},
  volume={20},
  number={5},
  pages={378--400},
  year={2001},
  publisher={SAGE Publications}
}
@article{janson2018deterministic,
  title={Deterministic sampling-based motion planning: Optimality, complexity, and performance},
  author={Janson, Lucas and Ichter, Brian and Pavone, Marco},
  journal={The International Journal of Robotics Research},
  volume={37},
  number={1},
  pages={46--61},
  year={2018},
  publisher={SAGE Publications Sage UK: London, England}
}
@article{jahanshahi2019robot,
  title={Robot Motion Planning in an Unknown Environment with Danger Space},
  author={Jahanshahi, Hadi and Jafarzadeh, Mohsen and Sari, Naeimeh Najafizadeh and Pham, Viet-Thanh and Huynh, Van Van and Nguyen, Xuan Quynh and others},
  journal={Electronics},
  volume={8},
  number={2},
  pages={201},
  year={2019},
  publisher={Multidisciplinary Digital Publishing Institute}
}
@article{hsu1999path,
  title={Path planning in expansive configuration spaces},
  author={Hsu, David and Latombe, Jean-Claude and Motwani, Rajeev},
  journal={International Journal of Computational Geometry \& Applications},
  volume={9},
  number={04n05},
  pages={495--512},
  year={1999},
  publisher={World Scientific}
}
